@misc{bachman,
author = {W. Bachman, Charles and Daya, Manilal},
year = {1977},
month = {01},
pages = {464-476},
title = {The Role Concept in Data Models.}
}

@ARTICLE{family,
author="K{\"u}hn, Thomas
and Leuth{\"a}user, Max
and G{\"o}tz, Sebastian
and Seidl, Christoph
and A{\ss}mann, Uwe",
editor="Combemale, Beno{\^i}t
and Pearce, David J.
and Barais, Olivier
and Vinju, Jurgen J.",
title="A Metamodel Family for Role-Based Modeling and Programming Languages",
booktitle="Software Language Engineering",
year="2014",
publisher="Springer International Publishing",
address="Cham",
pages="141--160",
isbn="978-3-319-11245-9"
}